<?xml version="1.0" encoding="UTF-8"?>
<SOAP-ENV:Envelope xmlns:SOAP-ENV="http://schemas.xmlsoap.org/soap/envelope/" xmlns:ns1="http://oss.dbc.dk/ns/openformat" xmlns:os="http://oss.dbc.dk/ns/opensearch" xmlns:dc="http://purl.org/dc/elements/1.1/" xmlns:dkabm="http://biblstandard.dk/abm/namespace/dkabm/" xmlns:ISO639-2="http://lcweb.loc.gov/standards/iso639-2/" xmlns:dcmitype="http://purl.org/dc/dcmitype/" xmlns:dcterms="http://purl.org/dc/terms/" xmlns:ac="http://biblstandard.dk/ac/namespace/" xmlns:dkdcplus="http://biblstandard.dk/abm/namespace/dkdcplus/" xmlns:oss="http://oss.dbc.dk/ns/osstypes" xmlns:marcx="info:lc/xmlns/marcxchange-v1" xmlns:xsi="http://www.w3.org/2001/XMLSchema-instance">
  <SOAP-ENV:Body>
    <ns1:formatRequest>
      <ns1:originalData>
        <os:collection>
          <os:resultPosition>1</os:resultPosition>
          <os:numberOfObjects>1</os:numberOfObjects>
          <os:object>
            <dkabm:record>
              <ac:identifier>51123204|870970</ac:identifier>
              <ac:source>Bibliotekskatalog</ac:source>
              <dc:title>Damages</dc:title>
              <dc:title xsi:type="dkdcplus:full">Damages. Disc 1 (Sæson 2)</dc:title>
              <dc:subject xsi:type="dkdcplus:DK5">77.7</dc:subject>
              <dc:subject xsi:type="dkdcplus:DK5-Text">Spillefilm</dc:subject>
              <dc:subject xsi:type="dkdcplus:DBCS">advokater</dc:subject>
              <dc:subject xsi:type="dkdcplus:DBCS">tv-serier</dc:subject>
              <dc:subject xsi:type="dkdcplus:genre">tv-serier</dc:subject>
              <dcterms:abstract>Den nyuddannede, ambitiøse Ellen Parsons får job i et advokatfirma i New York. Det ledes af den magtfulde, udspekulerede Patty Hewes, der gør Ellen til sin protegé. Patty skyr ingen midler for at styrke sin magt. Ellen lærer hendes metoder, men erfarer også den personlige pris det koster at vinde sager, hvor liv og ufattelige formuer er i spil</dcterms:abstract>
              <dc:description>Produktion: Sony Pictures Television (USA), Bluebush Productions (USA), 2009</dc:description>
              <dc:description>På materialet: The complete second season</dc:description>
              <dc:description>Indhold: I lied too ; Burn it, shred it, I don't care ; I knew you were a pig ; Hey! Mr. Pibb!</dc:description>
              <dc:description>Af indholdet: Special features</dc:description>
              <dcterms:audience xsi:type="dkdcplus:medieraad">Mærkning: Tilladt for børn over 15 år</dcterms:audience>
              <dcterms:audience>voksenmaterialer</dcterms:audience>
              <dc:publisher>SPHE Nordic</dc:publisher>
              <dc:contributor xsi:type="dkdcplus:cre">Glenn Kessler (f. 1970-04-06)</dc:contributor>
              <dc:contributor xsi:type="dkdcplus:cre">Todd A. Kessler</dc:contributor>
              <dc:contributor xsi:type="dkdcplus:cre">Daniel Zelman</dc:contributor>
              <dc:contributor xsi:type="dkdcplus:act">Glen Close</dc:contributor>
              <dc:contributor xsi:type="dkdcplus:act">Rose Byrne</dc:contributor>
              <dc:contributor xsi:type="dkdcplus:act">Tate Donovan</dc:contributor>
              <dc:contributor xsi:type="dkdcplus:act">Ted Danson</dc:contributor>
              <dc:contributor xsi:type="dkdcplus:act">Anastasia Griffith</dc:contributor>
              <dc:contributor xsi:type="dkdcplus:act">Marcia Gay Harden</dc:contributor>
              <dc:date>2014</dc:date>
              <dc:type xsi:type="dkdcplus:BibDK-Type">Dvd</dc:type>
              <dc:format>1 dvd-video</dc:format>
              <dcterms:extent>ca. 9 t., 19 min.</dcterms:extent>
              <dc:language xsi:type="dcterms:ISO639-2">mul</dc:language>
              <dc:language>Flere sprog</dc:language>
              <dc:language xsi:type="dcterms:ISO639-2">eng</dc:language>
              <dc:language>Engelsk</dc:language>
              <dc:language xsi:type="dkdcplus:subtitles">Engelsk</dc:language>
              <dc:language xsi:type="dkdcplus:subtitles">Fransk</dc:language>
              <dc:language xsi:type="dkdcplus:subtitles">Tysk</dc:language>
              <dc:language xsi:type="dkdcplus:subtitles">Arabisk</dc:language>
              <dc:language xsi:type="dkdcplus:subtitles">Dansk</dc:language>
              <dc:language xsi:type="dkdcplus:subtitles">Hollandsk</dc:language>
              <dc:language xsi:type="dkdcplus:subtitles">Finsk</dc:language>
              <dc:language xsi:type="dkdcplus:subtitles">Islandsk</dc:language>
              <dc:language xsi:type="dkdcplus:subtitles">Norsk</dc:language>
              <dc:language xsi:type="dkdcplus:subtitles">Svensk</dc:language>
              <dc:language xsi:type="dkdcplus:subtitles">Tyrkisk</dc:language>
              <dcterms:spatial xsi:type="dkdcplus:DBCS">USA</dcterms:spatial>
              <dcterms:spatial xsi:type="dkdcplus:DBCS">New York</dcterms:spatial>
            </dkabm:record>
            <marcx:collection>
              <marcx:record format="danMARC2" type="Bibliographic">
                <marcx:leader>00000n    2200000   4500</marcx:leader>
                <marcx:datafield ind1="0" ind2="0" tag="001">
                  <marcx:subfield code="a">51123204</marcx:subfield>
                  <marcx:subfield code="b">870970</marcx:subfield>
                  <marcx:subfield code="c">20140730180124</marcx:subfield>
                  <marcx:subfield code="d">20140523</marcx:subfield>
                  <marcx:subfield code="f">a</marcx:subfield>
                </marcx:datafield>
                <marcx:datafield ind1="0" ind2="0" tag="004">
                  <marcx:subfield code="r">n</marcx:subfield>
                  <marcx:subfield code="a">e</marcx:subfield>
                </marcx:datafield>
                <marcx:datafield ind1="0" ind2="0" tag="008">
                  <marcx:subfield code="t">m</marcx:subfield>
                  <marcx:subfield code="b">se</marcx:subfield>
                  <marcx:subfield code="l">mul</marcx:subfield>
                  <marcx:subfield code="v">0</marcx:subfield>
                </marcx:datafield>
                <marcx:datafield ind1="0" ind2="0" tag="009">
                  <marcx:subfield code="a">m</marcx:subfield>
                  <marcx:subfield code="g">th</marcx:subfield>
                </marcx:datafield>
                <marcx:datafield ind1="0" ind2="0" tag="018">
                  <marcx:subfield code="a">51208862</marcx:subfield>
                </marcx:datafield>
                <marcx:datafield ind1="0" ind2="0" tag="032">
                  <marcx:subfield code="x">ACC201421</marcx:subfield>
                  <marcx:subfield code="a">DBI201432</marcx:subfield>
                  <marcx:subfield code="x">BKM201432</marcx:subfield>
                </marcx:datafield>
                <marcx:datafield ind1="0" ind2="0" tag="041">
                  <marcx:subfield code="a">eng</marcx:subfield>
                  <marcx:subfield code="s">fre</marcx:subfield>
                  <marcx:subfield code="s">ger</marcx:subfield>
                  <marcx:subfield code="u">eng</marcx:subfield>
                  <marcx:subfield code="u">fre</marcx:subfield>
                  <marcx:subfield code="u">ger</marcx:subfield>
                  <marcx:subfield code="u">ara</marcx:subfield>
                  <marcx:subfield code="u">dan</marcx:subfield>
                  <marcx:subfield code="u">dut</marcx:subfield>
                  <marcx:subfield code="u">fin</marcx:subfield>
                  <marcx:subfield code="u">ice</marcx:subfield>
                  <marcx:subfield code="u">nor</marcx:subfield>
                  <marcx:subfield code="u">swe</marcx:subfield>
                  <marcx:subfield code="u">tur</marcx:subfield>
                </marcx:datafield>
                <marcx:datafield ind1="0" ind2="0" tag="245">
                  <marcx:subfield code="a">Damages</marcx:subfield>
                  <marcx:subfield code="ø">Sæson 2</marcx:subfield>
                  <marcx:subfield code="g">Disc 1</marcx:subfield>
                </marcx:datafield>
                <marcx:datafield ind1="0" ind2="0" tag="260">
                  <marcx:subfield code="a">[Stockholm]</marcx:subfield>
                  <marcx:subfield code="b">SPHE Nordic</marcx:subfield>
                  <marcx:subfield code="c">[2014]</marcx:subfield>
                </marcx:datafield>
                <marcx:datafield ind1="0" ind2="0" tag="300">
                  <marcx:subfield code="n">1 dvd-video</marcx:subfield>
                </marcx:datafield>
                <marcx:datafield ind1="0" ind2="0" tag="300">
                  <marcx:subfield code="n">3 dvd-videoer</marcx:subfield>
                  <marcx:subfield code="l">ca. 9 t., 19 min.</marcx:subfield>
                </marcx:datafield>
                <marcx:datafield ind1="0" ind2="0" tag="504">
                  <marcx:subfield code="&amp;">1</marcx:subfield>
                  <marcx:subfield code="a">Den nyuddannede, ambitiøse Ellen Parsons får job i et advokatfirma i New York. Det ledes af den magtfulde, udspekulerede Patty Hewes, der gør Ellen til sin protegé. Patty skyr ingen midler for at styrke sin magt. Ellen lærer hendes metoder, men erfarer også den personlige pris det koster at vinde sager, hvor liv og ufattelige formuer er i spil</marcx:subfield>
                </marcx:datafield>
                <marcx:datafield ind1="0" ind2="0" tag="508">
                  <marcx:subfield code="a">Engelsk tale, samt synkronisering på fransk og tysk</marcx:subfield>
                </marcx:datafield>
                <marcx:datafield ind1="0" ind2="0" tag="508">
                  <marcx:subfield code="a">Undertekster på engelsk, fransk, tysk, arabisk, dansk, hollandsk, finsk, islandsk, norsk, svensk og tyrkisk</marcx:subfield>
                </marcx:datafield>
                <marcx:datafield ind1="0" ind2="0" tag="512">
                  <marcx:subfield code="a">Produktion: Sony Pictures Television (USA), Bluebush Productions (USA), 2009</marcx:subfield>
                </marcx:datafield>
                <marcx:datafield ind1="0" ind2="0" tag="512">
                  <marcx:subfield code="a">På materialet: The complete second season</marcx:subfield>
                </marcx:datafield>
                <marcx:datafield ind1="0" ind2="0" tag="517">
                  <marcx:subfield code="&amp;">1</marcx:subfield>
                  <marcx:subfield code="a">Mærkning: Tilladt for børn over 15 år</marcx:subfield>
                </marcx:datafield>
                <marcx:datafield ind1="0" ind2="0" tag="530">
                  <marcx:subfield code="&amp;">1</marcx:subfield>
                  <marcx:subfield code="a">Indhold: I lied too ; Burn it, shred it, I don't care ; I knew you were a pig ; Hey! Mr. Pibb!</marcx:subfield>
                </marcx:datafield>
                <marcx:datafield ind1="0" ind2="0" tag="534">
                  <marcx:subfield code="&amp;">1</marcx:subfield>
                  <marcx:subfield code="a">Af indholdet: Special features</marcx:subfield>
                </marcx:datafield>
                <marcx:datafield ind1="0" ind2="0" tag="538">
                  <marcx:subfield code="a">SGSD 10084 B</marcx:subfield>
                </marcx:datafield>
                <marcx:datafield ind1="0" ind2="0" tag="652">
                  <marcx:subfield code="m">77.7</marcx:subfield>
                </marcx:datafield>
                <marcx:datafield ind1="0" ind2="0" tag="666">
                  <marcx:subfield code="0"/>
                  <marcx:subfield code="q">USA</marcx:subfield>
                </marcx:datafield>
                <marcx:datafield ind1="0" ind2="0" tag="666">
                  <marcx:subfield code="0"/>
                  <marcx:subfield code="q">New York</marcx:subfield>
                </marcx:datafield>
                <marcx:datafield ind1="0" ind2="0" tag="666">
                  <marcx:subfield code="0"/>
                  <marcx:subfield code="s">tv-serier</marcx:subfield>
                </marcx:datafield>
                <marcx:datafield ind1="0" ind2="0" tag="666">
                  <marcx:subfield code="0"/>
                  <marcx:subfield code="s">advokater</marcx:subfield>
                </marcx:datafield>
                <marcx:datafield ind1="0" ind2="0" tag="700">
                  <marcx:subfield code="a">Kessler</marcx:subfield>
                  <marcx:subfield code="h">Glenn</marcx:subfield>
                  <marcx:subfield code="c">f. 1970-04-06</marcx:subfield>
                  <marcx:subfield code="4">cre</marcx:subfield>
                </marcx:datafield>
                <marcx:datafield ind1="0" ind2="0" tag="700">
                  <marcx:subfield code="a">Kessler</marcx:subfield>
                  <marcx:subfield code="h">Todd A.</marcx:subfield>
                  <marcx:subfield code="4">cre</marcx:subfield>
                </marcx:datafield>
                <marcx:datafield ind1="0" ind2="0" tag="700">
                  <marcx:subfield code="a">Zelman</marcx:subfield>
                  <marcx:subfield code="h">Daniel</marcx:subfield>
                  <marcx:subfield code="4">cre</marcx:subfield>
                </marcx:datafield>
                <marcx:datafield ind1="0" ind2="0" tag="720">
                  <marcx:subfield code="o">Glen Close</marcx:subfield>
                  <marcx:subfield code="4">act</marcx:subfield>
                </marcx:datafield>
                <marcx:datafield ind1="0" ind2="0" tag="720">
                  <marcx:subfield code="o">Rose Byrne</marcx:subfield>
                  <marcx:subfield code="4">act</marcx:subfield>
                </marcx:datafield>
                <marcx:datafield ind1="0" ind2="0" tag="720">
                  <marcx:subfield code="o">Tate Donovan</marcx:subfield>
                  <marcx:subfield code="4">act</marcx:subfield>
                </marcx:datafield>
                <marcx:datafield ind1="0" ind2="0" tag="720">
                  <marcx:subfield code="o">Ted Danson</marcx:subfield>
                  <marcx:subfield code="4">act</marcx:subfield>
                </marcx:datafield>
                <marcx:datafield ind1="0" ind2="0" tag="720">
                  <marcx:subfield code="o">Anastasia Griffith</marcx:subfield>
                  <marcx:subfield code="4">act</marcx:subfield>
                </marcx:datafield>
                <marcx:datafield ind1="0" ind2="0" tag="720">
                  <marcx:subfield code="o">Marcia Gay Harden</marcx:subfield>
                  <marcx:subfield code="4">act</marcx:subfield>
                </marcx:datafield>
                <marcx:datafield ind1="0" ind2="0" tag="990">
                  <marcx:subfield code="o">201432</marcx:subfield>
                  <marcx:subfield code="b">n</marcx:subfield>
                  <marcx:subfield code="b">v</marcx:subfield>
                  <marcx:subfield code="u">nu</marcx:subfield>
                </marcx:datafield>
                <marcx:datafield ind1="0" ind2="0" tag="996">
                  <marcx:subfield code="a">DBC</marcx:subfield>
                </marcx:datafield>
              </marcx:record>